%% This BibTeX bibliography file was created using BibDesk.
%% http://bibdesk.sourceforge.net/


%% Created for Dmitri at 2015-06-02 15:01:57 -0400 


%% Saved with string encoding Unicode (UTF-8) 



@article{hammerer,
	Author = {K. Hammerer},
	Date-Added = {2015-06-02 19:01:13 +0000},
	Date-Modified = {2015-06-02 19:01:52 +0000},
	Journal = {Physical Review},
	Title = {Characterization of nonlocal gates},
	Year = {2002},
	Bdsk-File-1 = {YnBsaXN0MDDUAQIDBAUGJCVYJHZlcnNpb25YJG9iamVjdHNZJGFyY2hpdmVyVCR0b3ASAAGGoKgHCBMUFRYaIVUkbnVsbNMJCgsMDxJXTlMua2V5c1pOUy5vYmplY3RzViRjbGFzc6INDoACgAOiEBGABIAFgAdccmVsYXRpdmVQYXRoWWFsaWFzRGF0YV8QRi4uL0Rlc2t0b3AvY2hhcmFjdGVyaXppbmctY29tcHV0YXRpb25hbC10ZWNobmlxdWVzL3JlZjJfVGltZV9MaW1pdC5wZGbSFwsYGVdOUy5kYXRhTxEB8gAAAAAB8gACAAAMTWFjaW50b3NoIEhEAAAAAAAAAAAAAAAAAAAAy+IPgEgrAAAE4ePmE3JlZjJfVGltZV9MaW1pdC5wZGYAAAAAAAAAAAAAAAAAAAAAAAAAAAAAAAAAAAAAAAAAAAAAAAAAAAAAAAAAAATiDgfRe7WSAAAAAAAAAAAAAQADAAAJIAAAAAAAAAAAAAAAAAAAAB9jaGFyYWN0ZXJpemluZy1jb21wdXRhdCM0RTFFM0U2AAAQAAgAAMviR8AAAAARAAgAANF77dIAAAABABAE4ePmAAX6jAAF+b8AAL/+AAIAWU1hY2ludG9zaCBIRDpVc2VyczoARG1pdHJpOgBEZXNrdG9wOgBjaGFyYWN0ZXJpemluZy1jb21wdXRhdCM0RTFFM0U2OgByZWYyX1RpbWVfTGltaXQucGRmAAAOACgAEwByAGUAZgAyAF8AVABpAG0AZQBfAEwAaQBtAGkAdAAuAHAAZABmAA8AGgAMAE0AYQBjAGkAbgB0AG8AcwBoACAASABEABIAUFVzZXJzL0RtaXRyaS9EZXNrdG9wL2NoYXJhY3Rlcml6aW5nLWNvbXB1dGF0aW9uYWwtdGVjaG5pcXVlcy9yZWYyX1RpbWVfTGltaXQucGRmABMAAS8AABUAAgAN//8AAIAG0hscHR5aJGNsYXNzbmFtZVgkY2xhc3Nlc11OU011dGFibGVEYXRhox0fIFZOU0RhdGFYTlNPYmplY3TSGxwiI1xOU0RpY3Rpb25hcnmiIiBfEA9OU0tleWVkQXJjaGl2ZXLRJidUcm9vdIABAAgAEQAaACMALQAyADcAQABGAE0AVQBgAGcAagBsAG4AcQBzAHUAdwCEAI4A1wDcAOQC2gLcAuEC7AL1AwMDBwMOAxcDHAMpAywDPgNBA0YAAAAAAAACAQAAAAAAAAAoAAAAAAAAAAAAAAAAAAADSA==}}

@article{haselgrove,
	Author = {Henry L. Haselgrove},
	Date-Added = {2015-06-02 19:00:03 +0000},
	Date-Modified = {2015-06-02 19:00:45 +0000},
	Journal = {Physical Review},
	Title = {Practicality of time-optimal two-qubit Hamiltonian simulation},
	Year = {2003},
	Bdsk-File-1 = {YnBsaXN0MDDUAQIDBAUGJCVYJHZlcnNpb25YJG9iamVjdHNZJGFyY2hpdmVyVCR0b3ASAAGGoKgHCBMUFRYaIVUkbnVsbNMJCgsMDxJXTlMua2V5c1pOUy5vYmplY3RzViRjbGFzc6INDoACgAOiEBGABIAFgAdccmVsYXRpdmVQYXRoWWFsaWFzRGF0YV8QTS4uL0Rlc2t0b3AvY2hhcmFjdGVyaXppbmctY29tcHV0YXRpb25hbC10ZWNobmlxdWVzL211bHRpcXViaXRfaGFtaWx0b25pYW4ucGRm0hcLGBlXTlMuZGF0YU8RAg4AAAAAAg4AAgAADE1hY2ludG9zaCBIRAAAAAAAAAAAAAAAAAAAAMviD4BIKwAABOHj5hptdWx0aXF1Yml0X2hhbWlsdG9uaWFuLnBkZgAAAAAAAAAAAAAAAAAAAAAAAAAAAAAAAAAAAAAAAAAAAAAAAAAE4g4C0Xu1kAAAAAAAAAAAAAEAAwAACSAAAAAAAAAAAAAAAAAAAAAfY2hhcmFjdGVyaXppbmctY29tcHV0YXQjNEUxRTNFNgAAEAAIAADL4kfAAAAAEQAIAADRe+3QAAAAAQAQBOHj5gAF+owABfm/AAC//gACAGBNYWNpbnRvc2ggSEQ6VXNlcnM6AERtaXRyaToARGVza3RvcDoAY2hhcmFjdGVyaXppbmctY29tcHV0YXQjNEUxRTNFNjoAbXVsdGlxdWJpdF9oYW1pbHRvbmlhbi5wZGYADgA2ABoAbQB1AGwAdABpAHEAdQBiAGkAdABfAGgAYQBtAGkAbAB0AG8AbgBpAGEAbgAuAHAAZABmAA8AGgAMAE0AYQBjAGkAbgB0AG8AcwBoACAASABEABIAV1VzZXJzL0RtaXRyaS9EZXNrdG9wL2NoYXJhY3Rlcml6aW5nLWNvbXB1dGF0aW9uYWwtdGVjaG5pcXVlcy9tdWx0aXF1Yml0X2hhbWlsdG9uaWFuLnBkZgAAEwABLwAAFQACAA3//wAAgAbSGxwdHlokY2xhc3NuYW1lWCRjbGFzc2VzXU5TTXV0YWJsZURhdGGjHR8gVk5TRGF0YVhOU09iamVjdNIbHCIjXE5TRGljdGlvbmFyeaIiIF8QD05TS2V5ZWRBcmNoaXZlctEmJ1Ryb290gAEACAARABoAIwAtADIANwBAAEYATQBVAGAAZwBqAGwAbgBxAHMAdQB3AIQAjgDeAOMA6wL9Av8DBAMPAxgDJgMqAzEDOgM/A0wDTwNhA2QDaQAAAAAAAAIBAAAAAAAAACgAAAAAAAAAAAAAAAAAAANr}}

@article{bremner,
	Author = {Michael J. Bremner},
	Date-Added = {2015-06-02 18:58:41 +0000},
	Date-Modified = {2015-06-02 18:59:39 +0000},
	Journal = {Physical Review Letters},
	Number = {24},
	Title = {Practical Scheme for Quantum Computation with Any Two-Qubit Entangling Gate},
	Volume = {89},
	Year = {2002},
	Bdsk-File-1 = {YnBsaXN0MDDUAQIDBAUGJCVYJHZlcnNpb25YJG9iamVjdHNZJGFyY2hpdmVyVCR0b3ASAAGGoKgHCBMUFRYaIVUkbnVsbNMJCgsMDxJXTlMua2V5c1pOUy5vYmplY3RzViRjbGFzc6INDoACgAOiEBGABIAFgAdccmVsYXRpdmVQYXRoWWFsaWFzRGF0YV8QQi4uL0Rlc2t0b3AvY2hhcmFjdGVyaXppbmctY29tcHV0YXRpb25hbC10ZWNobmlxdWVzL2Nub3Rfc2NoZW1lLnBkZtIXCxgZV05TLmRhdGFPEQHiAAAAAAHiAAIAAAxNYWNpbnRvc2ggSEQAAAAAAAAAAAAAAAAAAADL4g+ASCsAAATh4+YPY25vdF9zY2hlbWUucGRmAAAAAAAAAAAAAAAAAAAAAAAAAAAAAAAAAAAAAAAAAAAAAAAAAAAAAAAAAAAAAAAABOIIVtF7tOgAAAAAAAAAAAABAAMAAAkgAAAAAAAAAAAAAAAAAAAAH2NoYXJhY3Rlcml6aW5nLWNvbXB1dGF0IzRFMUUzRTYAABAACAAAy+JHwAAAABEACAAA0XvtKAAAAAEAEATh4+YABfqMAAX5vwAAv/4AAgBVTWFjaW50b3NoIEhEOlVzZXJzOgBEbWl0cmk6AERlc2t0b3A6AGNoYXJhY3Rlcml6aW5nLWNvbXB1dGF0IzRFMUUzRTY6AGNub3Rfc2NoZW1lLnBkZgAADgAgAA8AYwBuAG8AdABfAHMAYwBoAGUAbQBlAC4AcABkAGYADwAaAAwATQBhAGMAaQBuAHQAbwBzAGgAIABIAEQAEgBMVXNlcnMvRG1pdHJpL0Rlc2t0b3AvY2hhcmFjdGVyaXppbmctY29tcHV0YXRpb25hbC10ZWNobmlxdWVzL2Nub3Rfc2NoZW1lLnBkZgATAAEvAAAVAAIADf//AACABtIbHB0eWiRjbGFzc25hbWVYJGNsYXNzZXNdTlNNdXRhYmxlRGF0YaMdHyBWTlNEYXRhWE5TT2JqZWN00hscIiNcTlNEaWN0aW9uYXJ5oiIgXxAPTlNLZXllZEFyY2hpdmVy0SYnVHJvb3SAAQAIABEAGgAjAC0AMgA3AEAARgBNAFUAYABnAGoAbABuAHEAcwB1AHcAhACOANMA2ADgAsYCyALNAtgC4QLvAvMC+gMDAwgDFQMYAyoDLQMyAAAAAAAAAgEAAAAAAAAAKAAAAAAAAAAAAAAAAAAAAzQ=}}

@article{bennett,
	Author = {C.H. Bennett},
	Date-Added = {2015-06-02 18:55:21 +0000},
	Date-Modified = {2015-06-02 18:57:40 +0000},
	Title = {Optimal simulation of two-qubit Hamiltonians using general local operations},
	Year = {2008},
	Bdsk-File-1 = {YnBsaXN0MDDUAQIDBAUGJCVYJHZlcnNpb25YJG9iamVjdHNZJGFyY2hpdmVyVCR0b3ASAAGGoKgHCBMUFRYaIVUkbnVsbNMJCgsMDxJXTlMua2V5c1pOUy5vYmplY3RzViRjbGFzc6INDoACgAOiEBGABIAFgAdccmVsYXRpdmVQYXRoWWFsaWFzRGF0YV8QTi4uL0Rlc2t0b3AvY2hhcmFjdGVyaXppbmctY29tcHV0YXRpb25hbC10ZWNobmlxdWVzL3JlZjhfT3B0aW1hbF9TaW11bGF0aW9uLnBkZtIXCxgZV05TLmRhdGFPEQISAAAAAAISAAIAAAxNYWNpbnRvc2ggSEQAAAAAAAAAAAAAAAAAAADL4g+ASCsAAATh4+YbcmVmOF9PcHRpbWFsX1NpbXVsYXRpb24ucGRmAAAAAAAAAAAAAAAAAAAAAAAAAAAAAAAAAAAAAAAAAAAAAAAABIc179FJSeMAAAAAAAAAAAABAAMAAAkgAAAAAAAAAAAAAAAAAAAAH2NoYXJhY3Rlcml6aW5nLWNvbXB1dGF0IzRFMUUzRTYAABAACAAAy+JHwAAAABEACAAA0UmCIwAAAAEAEATh4+YABfqMAAX5vwAAv/4AAgBhTWFjaW50b3NoIEhEOlVzZXJzOgBEbWl0cmk6AERlc2t0b3A6AGNoYXJhY3Rlcml6aW5nLWNvbXB1dGF0IzRFMUUzRTY6AHJlZjhfT3B0aW1hbF9TaW11bGF0aW9uLnBkZgAADgA4ABsAcgBlAGYAOABfAE8AcAB0AGkAbQBhAGwAXwBTAGkAbQB1AGwAYQB0AGkAbwBuAC4AcABkAGYADwAaAAwATQBhAGMAaQBuAHQAbwBzAGgAIABIAEQAEgBYVXNlcnMvRG1pdHJpL0Rlc2t0b3AvY2hhcmFjdGVyaXppbmctY29tcHV0YXRpb25hbC10ZWNobmlxdWVzL3JlZjhfT3B0aW1hbF9TaW11bGF0aW9uLnBkZgATAAEvAAAVAAIADf//AACABtIbHB0eWiRjbGFzc25hbWVYJGNsYXNzZXNdTlNNdXRhYmxlRGF0YaMdHyBWTlNEYXRhWE5TT2JqZWN00hscIiNcTlNEaWN0aW9uYXJ5oiIgXxAPTlNLZXllZEFyY2hpdmVy0SYnVHJvb3SAAQAIABEAGgAjAC0AMgA3AEAARgBNAFUAYABnAGoAbABuAHEAcwB1AHcAhACOAN8A5ADsAwIDBAMJAxQDHQMrAy8DNgM/A0QDUQNUA2YDaQNuAAAAAAAAAgEAAAAAAAAAKAAAAAAAAAAAAAAAAAAAA3A=}}
