%% This BibTeX bibliography file was created using BibDesk.
%% http://bibdesk.sourceforge.net/


%% Created for Dmitri at 2015-06-08 01:20:09 -0400 


%% Saved with string encoding Unicode (UTF-8) 



@article{aerts,
	Author = {Diederik Aerts},
	Date-Added = {2015-06-08 05:19:26 +0000},
	Date-Modified = {2015-06-08 05:20:05 +0000},
	Journal = {Annals of Physics},
	Month = {December},
	Pages = {975--1025},
	Title = {The extended Bloch representation of quantum mechanics and the hidden-measurement solution to the measurement problem},
	Volume = {351},
	Year = {2014}}

@article{umbarkar,
	Author = {A.J. Umbarkar},
	Date-Added = {2015-06-08 05:12:11 +0000},
	Date-Modified = {2015-06-08 05:12:50 +0000},
	Journal = {Applied Mathematics and Computation},
	Month = {September},
	Pages = {936--949},
	Title = {Multithreaded Parallel Dual Population Genetic Algorithm (MPDPGA) for unconstrained function optimizations on multi-core system},
	Volume = {243},
	Year = {2014}}

@article{victer,
	Author = {P. Victer Paul},
	Date-Added = {2015-06-08 05:06:43 +0000},
	Date-Modified = {2015-06-08 05:07:24 +0000},
	Journal = {Applied Soft Computing},
	Month = {July},
	Pages = {383--402},
	Title = {Performance analyses over population seeding techniques of the permutation-coded genetic algorithm: An empirical study based on traveling salesman problems},
	Volume = {32},
	Year = {2015}}

@article{oliviera,
	Author = {M.S.R. Oliviera},
	Date-Added = {2015-06-08 05:03:47 +0000},
	Date-Modified = {2015-06-08 05:04:29 +0000},
	Journal = {Physics Letters A},
	Month = {November},
	Number = {39},
	Pages = {2821--2825},
	Title = {A probabilistic CNOT gate for coherent state qubits},
	Volume = {377},
	Year = {2013}}

@article{satsangi,
	Author = {Swanti Satsangi},
	Date-Added = {2015-06-04 18:59:46 +0000},
	Date-Modified = {2015-06-04 19:00:46 +0000},
	Journal = {World Academy of Science, Engineering and Technology},
	Publisher = {World Academy},
	Title = {Application of Genetic Algorithms for Evolution of Quantum Equivalents of Boolean Circuits},
	Volume = {6},
	Year = {2012},
	Bdsk-File-1 = {YnBsaXN0MDDUAQIDBAUGJCVYJHZlcnNpb25YJG9iamVjdHNZJGFyY2hpdmVyVCR0b3ASAAGGoKgHCBMUFRYaIVUkbnVsbNMJCgsMDxJXTlMua2V5c1pOUy5vYmplY3RzViRjbGFzc6INDoACgAOiEBGABIAFgAdccmVsYXRpdmVQYXRoWWFsaWFzRGF0YV8QbC4uLy4uL0Rlc2t0b3AvQXBwbGljYXRpb24tb2YtR2VuZXRpYy1BbGdvcml0aG1zLWZvci1Fdm9sdXRpb24tb2YtUXVhbnR1bS1FcXVpdmFsZW50cy1vZi1Cb29sZWFuLUNpcmN1aXRzLnBkZtIXCxgZV05TLmRhdGFPEQJ6AAAAAAJ6AAIAAAxNYWNpbnRvc2ggSEQAAAAAAAAAAAAAAAAAAADL4g+ASCsAAAAF+owfQXBwbGljYXRpb24tb2YtR2VuZSM1MUU4M0Q5LnBkZgAAAAAAAAAAAAAAAAAAAAAAAAAAAAAAAAAAAAAAAAAABR6D2dGWGKIAAAAAAAAAAAACAAIAAAkgAAAAAAAAAAAAAAAAAAAAB0Rlc2t0b3AAABAACAAAy+JHwAAAABEACAAA0ZZQ4gAAAAEADAAF+owABfm/AAC//gACAERNYWNpbnRvc2ggSEQ6VXNlcnM6AERtaXRyaToARGVza3RvcDoAQXBwbGljYXRpb24tb2YtR2VuZSM1MUU4M0Q5LnBkZgAOAL4AXgBBAHAAcABsAGkAYwBhAHQAaQBvAG4ALQBvAGYALQBHAGUAbgBlAHQAaQBjAC0AQQBsAGcAbwByAGkAdABoAG0AcwAtAGYAbwByAC0ARQB2AG8AbAB1AHQAaQBvAG4ALQBvAGYALQBRAHUAYQBuAHQAdQBtAC0ARQBxAHUAaQB2AGEAbABlAG4AdABzAC0AbwBmAC0AQgBvAG8AbABlAGEAbgAtAEMAaQByAGMAdQBpAHQAcwAuAHAAZABmAA8AGgAMAE0AYQBjAGkAbgB0AG8AcwBoACAASABEABIAc1VzZXJzL0RtaXRyaS9EZXNrdG9wL0FwcGxpY2F0aW9uLW9mLUdlbmV0aWMtQWxnb3JpdGhtcy1mb3ItRXZvbHV0aW9uLW9mLVF1YW50dW0tRXF1aXZhbGVudHMtb2YtQm9vbGVhbi1DaXJjdWl0cy5wZGYAABMAAS8AABUAAgAN//8AAIAG0hscHR5aJGNsYXNzbmFtZVgkY2xhc3Nlc11OU011dGFibGVEYXRhox0fIFZOU0RhdGFYTlNPYmplY3TSGxwiI1xOU0RpY3Rpb25hcnmiIiBfEA9OU0tleWVkQXJjaGl2ZXLRJidUcm9vdIABAAgAEQAaACMALQAyADcAQABGAE0AVQBgAGcAagBsAG4AcQBzAHUAdwCEAI4A/QECAQoDiAOKA48DmgOjA7EDtQO8A8UDygPXA9oD7APvA/QAAAAAAAACAQAAAAAAAAAoAAAAAAAAAAAAAAAAAAAD9g==}}

@book{weise,
	Author = {Thomas Weise},
	Date-Added = {2015-06-04 18:44:03 +0000},
	Date-Modified = {2015-06-04 18:44:59 +0000},
	Title = {Global Optimization Algorithms: Theory and Application},
	Year = {2009}}

@article{hammerer,
	Author = {K. Hammerer},
	Date-Added = {2015-06-02 19:01:13 +0000},
	Date-Modified = {2015-06-02 19:01:52 +0000},
	Journal = {Physical Review},
	Title = {Characterization of nonlocal gates},
	Year = {2002},
	Bdsk-File-1 = {YnBsaXN0MDDUAQIDBAUGJCVYJHZlcnNpb25YJG9iamVjdHNZJGFyY2hpdmVyVCR0b3ASAAGGoKgHCBMUFRYaIVUkbnVsbNMJCgsMDxJXTlMua2V5c1pOUy5vYmplY3RzViRjbGFzc6INDoACgAOiEBGABIAFgAdccmVsYXRpdmVQYXRoWWFsaWFzRGF0YV8QSS4uLy4uL0Rlc2t0b3AvY2hhcmFjdGVyaXppbmctY29tcHV0YXRpb25hbC10ZWNobmlxdWVzL3JlZjJfVGltZV9MaW1pdC5wZGbSFwsYGVdOUy5kYXRhTxEB8gAAAAAB8gACAAAMTWFjaW50b3NoIEhEAAAAAAAAAAAAAAAAAAAAy+IPgEgrAAAE4ePmE3JlZjJfVGltZV9MaW1pdC5wZGYAAAAAAAAAAAAAAAAAAAAAAAAAAAAAAAAAAAAAAAAAAAAAAAAAAAAAAAAAAATiDgfRe7WSAAAAAAAAAAAAAgADAAAJIAAAAAAAAAAAAAAAAAAAAB9jaGFyYWN0ZXJpemluZy1jb21wdXRhdCM0RTFFM0U2AAAQAAgAAMviR8AAAAARAAgAANF77dIAAAABABAE4ePmAAX6jAAF+b8AAL/+AAIAWU1hY2ludG9zaCBIRDpVc2VyczoARG1pdHJpOgBEZXNrdG9wOgBjaGFyYWN0ZXJpemluZy1jb21wdXRhdCM0RTFFM0U2OgByZWYyX1RpbWVfTGltaXQucGRmAAAOACgAEwByAGUAZgAyAF8AVABpAG0AZQBfAEwAaQBtAGkAdAAuAHAAZABmAA8AGgAMAE0AYQBjAGkAbgB0AG8AcwBoACAASABEABIAUFVzZXJzL0RtaXRyaS9EZXNrdG9wL2NoYXJhY3Rlcml6aW5nLWNvbXB1dGF0aW9uYWwtdGVjaG5pcXVlcy9yZWYyX1RpbWVfTGltaXQucGRmABMAAS8AABUAAgAN//8AAIAG0hscHR5aJGNsYXNzbmFtZVgkY2xhc3Nlc11OU011dGFibGVEYXRhox0fIFZOU0RhdGFYTlNPYmplY3TSGxwiI1xOU0RpY3Rpb25hcnmiIiBfEA9OU0tleWVkQXJjaGl2ZXLRJidUcm9vdIABAAgAEQAaACMALQAyADcAQABGAE0AVQBgAGcAagBsAG4AcQBzAHUAdwCEAI4A2gDfAOcC3QLfAuQC7wL4AwYDCgMRAxoDHwMsAy8DQQNEA0kAAAAAAAACAQAAAAAAAAAoAAAAAAAAAAAAAAAAAAADSw==}}

@article{haselgrove,
	Author = {Henry L. Haselgrove},
	Date-Added = {2015-06-02 19:00:03 +0000},
	Date-Modified = {2015-06-02 19:00:45 +0000},
	Journal = {Physical Review},
	Title = {Practicality of time-optimal two-qubit Hamiltonian simulation},
	Year = {2003},
	Bdsk-File-1 = {YnBsaXN0MDDUAQIDBAUGJCVYJHZlcnNpb25YJG9iamVjdHNZJGFyY2hpdmVyVCR0b3ASAAGGoKgHCBMUFRYaIVUkbnVsbNMJCgsMDxJXTlMua2V5c1pOUy5vYmplY3RzViRjbGFzc6INDoACgAOiEBGABIAFgAdccmVsYXRpdmVQYXRoWWFsaWFzRGF0YV8QUC4uLy4uL0Rlc2t0b3AvY2hhcmFjdGVyaXppbmctY29tcHV0YXRpb25hbC10ZWNobmlxdWVzL211bHRpcXViaXRfaGFtaWx0b25pYW4ucGRm0hcLGBlXTlMuZGF0YU8RAg4AAAAAAg4AAgAADE1hY2ludG9zaCBIRAAAAAAAAAAAAAAAAAAAAMviD4BIKwAABOHj5hptdWx0aXF1Yml0X2hhbWlsdG9uaWFuLnBkZgAAAAAAAAAAAAAAAAAAAAAAAAAAAAAAAAAAAAAAAAAAAAAAAAAE4g4C0Xu1kAAAAAAAAAAAAAIAAwAACSAAAAAAAAAAAAAAAAAAAAAfY2hhcmFjdGVyaXppbmctY29tcHV0YXQjNEUxRTNFNgAAEAAIAADL4kfAAAAAEQAIAADRe+3QAAAAAQAQBOHj5gAF+owABfm/AAC//gACAGBNYWNpbnRvc2ggSEQ6VXNlcnM6AERtaXRyaToARGVza3RvcDoAY2hhcmFjdGVyaXppbmctY29tcHV0YXQjNEUxRTNFNjoAbXVsdGlxdWJpdF9oYW1pbHRvbmlhbi5wZGYADgA2ABoAbQB1AGwAdABpAHEAdQBiAGkAdABfAGgAYQBtAGkAbAB0AG8AbgBpAGEAbgAuAHAAZABmAA8AGgAMAE0AYQBjAGkAbgB0AG8AcwBoACAASABEABIAV1VzZXJzL0RtaXRyaS9EZXNrdG9wL2NoYXJhY3Rlcml6aW5nLWNvbXB1dGF0aW9uYWwtdGVjaG5pcXVlcy9tdWx0aXF1Yml0X2hhbWlsdG9uaWFuLnBkZgAAEwABLwAAFQACAA3//wAAgAbSGxwdHlokY2xhc3NuYW1lWCRjbGFzc2VzXU5TTXV0YWJsZURhdGGjHR8gVk5TRGF0YVhOU09iamVjdNIbHCIjXE5TRGljdGlvbmFyeaIiIF8QD05TS2V5ZWRBcmNoaXZlctEmJ1Ryb290gAEACAARABoAIwAtADIANwBAAEYATQBVAGAAZwBqAGwAbgBxAHMAdQB3AIQAjgDhAOYA7gMAAwIDBwMSAxsDKQMtAzQDPQNCA08DUgNkA2cDbAAAAAAAAAIBAAAAAAAAACgAAAAAAAAAAAAAAAAAAANu}}

@article{bremner,
	Author = {Michael J. Bremner},
	Date-Added = {2015-06-02 18:58:41 +0000},
	Date-Modified = {2015-06-02 18:59:39 +0000},
	Journal = {Physical Review Letters},
	Number = {24},
	Title = {Practical Scheme for Quantum Computation with Any Two-Qubit Entangling Gate},
	Volume = {89},
	Year = {2002},
	Bdsk-File-1 = {YnBsaXN0MDDUAQIDBAUGJCVYJHZlcnNpb25YJG9iamVjdHNZJGFyY2hpdmVyVCR0b3ASAAGGoKgHCBMUFRYaIVUkbnVsbNMJCgsMDxJXTlMua2V5c1pOUy5vYmplY3RzViRjbGFzc6INDoACgAOiEBGABIAFgAdccmVsYXRpdmVQYXRoWWFsaWFzRGF0YV8QRS4uLy4uL0Rlc2t0b3AvY2hhcmFjdGVyaXppbmctY29tcHV0YXRpb25hbC10ZWNobmlxdWVzL2Nub3Rfc2NoZW1lLnBkZtIXCxgZV05TLmRhdGFPEQHiAAAAAAHiAAIAAAxNYWNpbnRvc2ggSEQAAAAAAAAAAAAAAAAAAADL4g+ASCsAAATh4+YPY25vdF9zY2hlbWUucGRmAAAAAAAAAAAAAAAAAAAAAAAAAAAAAAAAAAAAAAAAAAAAAAAAAAAAAAAAAAAAAAAABOIIVtF7tOgAAAAAAAAAAAACAAMAAAkgAAAAAAAAAAAAAAAAAAAAH2NoYXJhY3Rlcml6aW5nLWNvbXB1dGF0IzRFMUUzRTYAABAACAAAy+JHwAAAABEACAAA0XvtKAAAAAEAEATh4+YABfqMAAX5vwAAv/4AAgBVTWFjaW50b3NoIEhEOlVzZXJzOgBEbWl0cmk6AERlc2t0b3A6AGNoYXJhY3Rlcml6aW5nLWNvbXB1dGF0IzRFMUUzRTY6AGNub3Rfc2NoZW1lLnBkZgAADgAgAA8AYwBuAG8AdABfAHMAYwBoAGUAbQBlAC4AcABkAGYADwAaAAwATQBhAGMAaQBuAHQAbwBzAGgAIABIAEQAEgBMVXNlcnMvRG1pdHJpL0Rlc2t0b3AvY2hhcmFjdGVyaXppbmctY29tcHV0YXRpb25hbC10ZWNobmlxdWVzL2Nub3Rfc2NoZW1lLnBkZgATAAEvAAAVAAIADf//AACABtIbHB0eWiRjbGFzc25hbWVYJGNsYXNzZXNdTlNNdXRhYmxlRGF0YaMdHyBWTlNEYXRhWE5TT2JqZWN00hscIiNcTlNEaWN0aW9uYXJ5oiIgXxAPTlNLZXllZEFyY2hpdmVy0SYnVHJvb3SAAQAIABEAGgAjAC0AMgA3AEAARgBNAFUAYABnAGoAbABuAHEAcwB1AHcAhACOANYA2wDjAskCywLQAtsC5ALyAvYC/QMGAwsDGAMbAy0DMAM1AAAAAAAAAgEAAAAAAAAAKAAAAAAAAAAAAAAAAAAAAzc=}}

@article{bennett,
	Author = {C.H. Bennett},
	Date-Added = {2015-06-02 18:55:21 +0000},
	Date-Modified = {2015-06-02 18:57:40 +0000},
	Title = {Optimal simulation of two-qubit Hamiltonians using general local operations},
	Year = {2008},
	Bdsk-File-1 = {YnBsaXN0MDDUAQIDBAUGJCVYJHZlcnNpb25YJG9iamVjdHNZJGFyY2hpdmVyVCR0b3ASAAGGoKgHCBMUFRYaIVUkbnVsbNMJCgsMDxJXTlMua2V5c1pOUy5vYmplY3RzViRjbGFzc6INDoACgAOiEBGABIAFgAdccmVsYXRpdmVQYXRoWWFsaWFzRGF0YV8QUS4uLy4uL0Rlc2t0b3AvY2hhcmFjdGVyaXppbmctY29tcHV0YXRpb25hbC10ZWNobmlxdWVzL3JlZjhfT3B0aW1hbF9TaW11bGF0aW9uLnBkZtIXCxgZV05TLmRhdGFPEQISAAAAAAISAAIAAAxNYWNpbnRvc2ggSEQAAAAAAAAAAAAAAAAAAADL4g+ASCsAAATh4+YbcmVmOF9PcHRpbWFsX1NpbXVsYXRpb24ucGRmAAAAAAAAAAAAAAAAAAAAAAAAAAAAAAAAAAAAAAAAAAAAAAAABIc179FJSeMAAAAAAAAAAAACAAMAAAkgAAAAAAAAAAAAAAAAAAAAH2NoYXJhY3Rlcml6aW5nLWNvbXB1dGF0IzRFMUUzRTYAABAACAAAy+JHwAAAABEACAAA0UmCIwAAAAEAEATh4+YABfqMAAX5vwAAv/4AAgBhTWFjaW50b3NoIEhEOlVzZXJzOgBEbWl0cmk6AERlc2t0b3A6AGNoYXJhY3Rlcml6aW5nLWNvbXB1dGF0IzRFMUUzRTY6AHJlZjhfT3B0aW1hbF9TaW11bGF0aW9uLnBkZgAADgA4ABsAcgBlAGYAOABfAE8AcAB0AGkAbQBhAGwAXwBTAGkAbQB1AGwAYQB0AGkAbwBuAC4AcABkAGYADwAaAAwATQBhAGMAaQBuAHQAbwBzAGgAIABIAEQAEgBYVXNlcnMvRG1pdHJpL0Rlc2t0b3AvY2hhcmFjdGVyaXppbmctY29tcHV0YXRpb25hbC10ZWNobmlxdWVzL3JlZjhfT3B0aW1hbF9TaW11bGF0aW9uLnBkZgATAAEvAAAVAAIADf//AACABtIbHB0eWiRjbGFzc25hbWVYJGNsYXNzZXNdTlNNdXRhYmxlRGF0YaMdHyBWTlNEYXRhWE5TT2JqZWN00hscIiNcTlNEaWN0aW9uYXJ5oiIgXxAPTlNLZXllZEFyY2hpdmVy0SYnVHJvb3SAAQAIABEAGgAjAC0AMgA3AEAARgBNAFUAYABnAGoAbABuAHEAcwB1AHcAhACOAOIA5wDvAwUDBwMMAxcDIAMuAzIDOQNCA0cDVANXA2kDbANxAAAAAAAAAgEAAAAAAAAAKAAAAAAAAAAAAAAAAAAAA3M=}}